<record><leader>00000cas a22000007a 4500</leader><controlfield tag="001">32319343</controlfield><controlfield tag="008">950417d18921911vauwr ne      0    0eng d</controlfield><datafield ind1=" " ind2=" " tag="010"><subfield code="a">sn 95079133 </subfield></datafield><datafield ind1=" " ind2=" " tag="040"><subfield code="a">NVK</subfield><subfield code="b">eng</subfield><subfield code="c">NVK</subfield><subfield code="d">OCLCQ</subfield><subfield code="d">NVK</subfield><subfield code="d">OCLCO</subfield><subfield code="d">OCLCQ</subfield><subfield code="d">OCLCF</subfield></datafield><datafield ind1="1" ind2=" " tag="029"><subfield code="a">AU@</subfield><subfield code="b">000011677611</subfield></datafield><datafield ind1=" " ind2=" " tag="042"><subfield code="a">msc</subfield></datafield><datafield ind1=" " ind2=" " tag="043"><subfield code="a">n-us-va</subfield></datafield><datafield ind1="0" ind2=" " tag="130"><subfield code="a">Page news (Luray, Va. : 1892)</subfield></datafield><datafield ind1="1" ind2="0" tag="245"><subfield code="a">Page news.</subfield></datafield><datafield ind1=" " ind2=" " tag="260"><subfield code="a">Luray, Va. :</subfield><subfield code="b">D. Bradford, Jr.</subfield></datafield><datafield ind1=" " ind2=" " tag="300"><subfield code="a">v.</subfield></datafield><datafield ind1=" " ind2=" " tag="310"><subfield code="a">Weekly</subfield></datafield><datafield ind1="1" ind2=" " tag="362"><subfield code="a">Began in 1892; ceased in 1911.</subfield><subfield code="z">Cf. Cappon, L.J. Va. Newspapers.</subfield></datafield><datafield ind1=" " ind2=" " tag="500"><subfield code="a">Issue for Nov. 11, 1892 also called: Old ser., Vol. 10.</subfield></datafield><datafield ind1=" " ind2=" " tag="588"><subfield code="a">Description based on: New ser. vol. 1, no. 22 (Nov. 11, 1892).</subfield></datafield><datafield ind1=" " ind2="0" tag="651"><subfield code="a">Luray (Va.)</subfield><subfield code="v">Newspapers.</subfield></datafield><datafield ind1=" " ind2="7" tag="655"><subfield code="a">Newspapers.</subfield><subfield code="2">fast</subfield><subfield code="0">(OCoLC)fst01423814</subfield></datafield><datafield ind1=" " ind2="7" tag="651"><subfield code="a">Virginia</subfield><subfield code="z">Luray.</subfield><subfield code="2">fast</subfield><subfield code="0">(OCoLC)fst01222874</subfield></datafield><datafield ind1=" " ind2=" " tag="752"><subfield code="a">United States</subfield><subfield code="b">Virginia</subfield><subfield code="c">Page</subfield><subfield code="d">Luray.</subfield></datafield><datafield ind1="0" ind2="0" tag="780"><subfield code="t">Luray times</subfield><subfield code="w">(DLC)sn 88061107</subfield></datafield><datafield ind1="0" ind2="7" tag="785"><subfield code="t">Page courier</subfield><subfield code="w">(DLC)sn 85025460</subfield></datafield><datafield ind1="0" ind2="7" tag="785"><subfield code="t">Page news and courier</subfield><subfield code="w">(DLC)sn 91066789</subfield></datafield></record>